
@article{kan2018executable,
	title={An Executable Operational Semantics for Rust with the Formalization of Ownership and Borrowing},
	author={Kan, Shuanglong and Chen, Zhe and Sanan, David and Lin, Shang-Wei and Liu, Yang},
	journal={arXiv preprint arXiv:1804.07608},
	year={2022}
}
@article{kan2014bounded,
	title={Bounded Model Checking of C Programs Using Event Automaton Specifications},
	author={Kan, S and Huang, Z and Chen, Zhe and Xu, B},
	journal={Journal of Software},
	volume={25},
	number={11},
	pages={2452--2472},
	year={2014}
}
@article{yan2018location,
	title={Location-Constrained Access Control Model and Verification Methods},
	author={Yan, Cao and Zhiqiu, Huang and Shuanglong, Kan and Huanfeng, Peng and Changbo, Ke},
	journal={Journal of Computer Research and Development},
	volume={55},
	number={8},
	pages={1809},
	year={2018}
}
@article{DBLP:journals/access/LiKH17,
	author    = {Weiwei Li and
	Shuanglong Kan and
	Zhiqiu Huang},
	title     = {A Better Translation From {LTL} to Transition-Based Generalized B{\"{u}}chi
	Automata},
	journal   = {{IEEE} Access},
	volume    = {5},
	pages     = {27081--27090},
	year      = {2017},
	url       = {https://doi.org/10.1109/ACCESS.2017.2773123},
	doi       = {10.1109/ACCESS.2017.2773123},
	timestamp = {Wed, 04 Jul 2018 13:22:28 +0200},
	biburl    = {https://dblp.org/rec/journals/access/LiKH17.bib},
	bibsource = {dblp computer science bibliography, https://dblp.org}
}

@article{DBLP:journals/compsec/HuZLZKC21,
	author    = {Xinwen Hu and
	Yi Zhuang and
	Shangwei Lin and
	Fuyuan Zhang and
	Shuanglong Kan and
	Zining Cao},
	title     = {A security type verifier for smart contracts},
	journal   = {Comput. Secur.},
	volume    = {108},
	pages     = {102343},
	year      = {2021},
	url       = {https://doi.org/10.1016/j.cose.2021.102343},
	doi       = {10.1016/j.cose.2021.102343},
	timestamp = {Sat, 08 Jan 2022 02:21:54 +0100},
	biburl    = {https://dblp.org/rec/journals/compsec/HuZLZKC21.bib},
	bibsource = {dblp computer science bibliography, https://dblp.org}
}
@article{DBLP:journals/spe/KanH18,
	author    = {Shuanglong Kan and
	Zhiqiu Huang},
	title     = {Detecting safety-related components in statecharts through traceability
	and model slicing},
	journal   = {Softw. Pract. Exp.},
	volume    = {48},
	number    = {3},
	pages     = {428--448},
	year      = {2018},
	url       = {https://doi.org/10.1002/spe.2526},
	doi       = {10.1002/spe.2526},
	timestamp = {Tue, 13 Jul 2021 13:27:49 +0200},
	biburl    = {https://dblp.org/rec/journals/spe/KanH18.bib},
	bibsource = {dblp computer science bibliography, https://dblp.org}
}

@article{DBLP:journals/cj/KanH18,
	author    = {Shuanglong Kan and
	Zhiqiu Huang},
	title     = {Partial Order Reduction for the full Class of State/Event Linear Temporal
	Logic},
	journal   = {Comput. J.},
	volume    = {61},
	number    = {5},
	pages     = {629--644},
	year      = {2018},
	url       = {https://doi.org/10.1093/comjnl/bxx064},
	doi       = {10.1093/comjnl/bxx064},
	timestamp = {Thu, 24 May 2018 15:49:53 +0200},
	biburl    = {https://dblp.org/rec/journals/cj/KanH18.bib},
	bibsource = {dblp computer science bibliography, https://dblp.org}
}

@article{DBLP:journals/logcom/KanHCLH17,
	author    = {Shuanglong Kan and
	Zhiqiu Huang and
	Zhe Chen and
	Weiwei Li and
	Yutao Huang},
	title     = {Partial order reduction for checking {LTL} formulae with the next-time
	operator},
	journal   = {J. Log. Comput.},
	volume    = {27},
	number    = {4},
	pages     = {1095--1131},
	year      = {2017},
	url       = {https://doi.org/10.1093/logcom/exw004},
	doi       = {10.1093/logcom/exw004},
	timestamp = {Thu, 14 Sep 2017 17:30:07 +0200},
	biburl    = {https://dblp.org/rec/journals/logcom/KanHCLH17.bib},
	bibsource = {dblp computer science bibliography, https://dblp.org}
}

@article{yin2021safeosl,
	title={SafeOSL: Ensuring memory safety of C via ownership-based intermediate language},
	author={Yin, Xiaohua and Huang, Zhiqiu and Kan, Shuanglong and Shen, Guohua and Chen, Zhe and Liu, Yang and Wang, Fei},
	journal={Software: Practice and Experience},
	year={2021},
	publisher={Wiley Online Library}
}

@inproceedings{DBLP:conf/iceccs/JiangSZK019,
	author    = {Ke Jiang and
	David San{\'{a}}n and
	Yongwang Zhao and
	Shuanglong Kan and
	Yang Liu},
	editor    = {Jun Pang and
	Jing Sun},
	title     = {A Formally Verified Buddy Memory Allocation Model},
	booktitle = {24th International Conference on Engineering of Complex Computer Systems,
	{ICECCS} 2019, Guangzhou, China, November 10-13, 2019},
	pages     = {144--153},
	publisher = {{IEEE}},
	year      = {2019},
	url       = {https://doi.org/10.1109/ICECCS.2019.00023},
	doi       = {10.1109/ICECCS.2019.00023},
	timestamp = {Sun, 25 Oct 2020 23:05:14 +0100},
	biburl    = {https://dblp.org/rec/conf/iceccs/JiangSZK019.bib},
	bibsource = {dblp computer science bibliography, https://dblp.org}
}

@inproceedings{DBLP:conf/memocode/BodeveixFK17,
	author    = {Jean{-}Paul Bodeveix and
	Mamoun Filali{-}Amine and
	Shuanglong Kan},
	editor    = {Jean{-}Pierre Talpin and
	Patricia Derler and
	Klaus Schneider},
	title     = {A refinement-based compiler development for synchronous languages},
	booktitle = {Proceedings of the 15th {ACM-IEEE} International Conference on Formal
	Methods and Models for System Design, {MEMOCODE} 2017, Vienna, Austria,
	September 29 - October 02, 2017},
	pages     = {165--174},
	publisher = {{ACM}},
	year      = {2017},
	url       = {https://doi.org/10.1145/3127041.3127056},
	doi       = {10.1145/3127041.3127056},
	timestamp = {Tue, 06 Nov 2018 16:58:22 +0100},
	biburl    = {https://dblp.org/rec/conf/memocode/BodeveixFK17.bib},
	bibsource = {dblp computer science bibliography, https://dblp.org}
}

@inproceedings{DBLP:conf/icfem/KanHC16,
	author    = {Shuanglong Kan and
	Zhiqiu Huang and
	Zhe Chen},
	editor    = {Kazuhiro Ogata and
	Mark Lawford and
	Shaoying Liu},
	title     = {Partial Order Reduction for State/Event Systems},
	booktitle = {Formal Methods and Software Engineering - 18th International Conference
	on Formal Engineering Methods, {ICFEM} 2016, Tokyo, Japan, November
	14-18, 2016, Proceedings},
	series    = {Lecture Notes in Computer Science},
	volume    = {10009},
	pages     = {329--345},
	year      = {2016},
	url       = {https://doi.org/10.1007/978-3-319-47846-3\_21},
	doi       = {10.1007/978-3-319-47846-3\_21},
	timestamp = {Tue, 14 May 2019 10:00:50 +0200},
	biburl    = {https://dblp.org/rec/conf/icfem/KanHC16.bib},
	bibsource = {dblp computer science bibliography, https://dblp.org}
}

@inproceedings{DBLP:conf/sigsoft/Kan14,
	author    = {Shuanglong Kan},
	editor    = {Shing{-}Chi Cheung and
	Alessandro Orso and
	Margaret{-}Anne D. Storey},
	title     = {Traceability and model checking to support safety requirement verification},
	booktitle = {Proceedings of the 22nd {ACM} {SIGSOFT} International Symposium on
	Foundations of Software Engineering, (FSE-22), Hong Kong, China, November
	16 - 22, 2014},
	pages     = {783--786},
	publisher = {{ACM}},
	year      = {2014},
	url       = {https://doi.org/10.1145/2635868.2666606},
	doi       = {10.1145/2635868.2666606},
	timestamp = {Tue, 01 Feb 2022 10:45:16 +0100},
	biburl    = {https://dblp.org/rec/conf/sigsoft/Kan14.bib},
	bibsource = {dblp computer science bibliography, https://dblp.org}
}

@inproceedings{DBLP:conf/sp/JiaoK0S0020,
	author    = {Jiao Jiao and
	Shuanglong Kan and
	Shang{-}Wei Lin and
	David San{\'{a}}n and
	Yang Liu and
	Jun Sun},
	title     = {Semantic Understanding of Smart Contracts: Executable Operational
	Semantics of Solidity},
	booktitle = {2020 {IEEE} Symposium on Security and Privacy, {SP} 2020, San Francisco,
	CA, USA, May 18-21, 2020},
	pages     = {1695--1712},
	publisher = {{IEEE}},
	year      = {2020},
	url       = {https://doi.org/10.1109/SP40000.2020.00066},
	doi       = {10.1109/SP40000.2020.00066},
	timestamp = {Thu, 20 Aug 2020 17:04:50 +0200},
	biburl    = {https://dblp.org/rec/conf/sp/JiaoK0S0020.bib},
	bibsource = {dblp computer science bibliography, https://dblp.org}
}

@inproceedings{DBLP:conf/issta/ChenYKQX19,
	author    = {Zhe Chen and
	Junqi Yan and
	Shuanglong Kan and
	Ju Qian and
	Jingling Xue},
	editor    = {Dongmei Zhang and
	Anders M{\o}ller},
	title     = {Detecting memory errors at runtime with source-level instrumentation},
	booktitle = {Proceedings of the 28th {ACM} {SIGSOFT} International Symposium on
	Software Testing and Analysis, {ISSTA} 2019, Beijing, China, July
	15-19, 2019},
	pages     = {341--351},
	publisher = {{ACM}},
	year      = {2019},
	url       = {https://doi.org/10.1145/3293882.3330581},
	doi       = {10.1145/3293882.3330581},
	timestamp = {Sun, 25 Oct 2020 22:46:49 +0100},
	biburl    = {https://dblp.org/rec/conf/issta/ChenYKQX19.bib},
	bibsource = {dblp computer science bibliography, https://dblp.org}
}

@article{chen2022solving,
	title={Solving string constraints with Regex-dependent functions through transducers with priorities and variables},
	author={Chen, Taolue and Flores-Lamas, Alejandro and Hague, Matthew and Han, Zhilei and Hu, Denghang and Kan, Shuanglong and Lin, Anthony W and Ruemmer, Philipp and Wu, Zhilin},
	journal={Proceedings of the ACM on Programming Languages},
	volume={6},
	number={POPL},
	pages={1--31},
	year={2022},
	publisher={ACM New York, NY, USA}
}

@inproceedings{KanLRS22,
	author    = {Shuanglong Kan and
	Anthony Widjaja Lin and
	Philipp R{\"{u}}mmer and
	Micha Schrader},
	editor    = {Andrei Popescu and
	Steve Zdancewic},
	title     = {CertiStr: a certified string solver},
	booktitle = {{CPP} '22: 11th {ACM} {SIGPLAN} International Conference on Certified
	Programs and Proofs, Philadelphia, PA, USA, January 17 - 18, 2022},
	pages     = {210--224},
	publisher = {{ACM}},
	year      = {2022},
	url       = {https://doi.org/10.1145/3497775.3503691},
	doi       = {10.1145/3497775.3503691},
	timestamp = {Mon, 17 Jan 2022 10:05:08 +0100},
	biburl    = {https://dblp.org/rec/conf/cpp/KanLRS22.bib},
	bibsource = {dblp computer science bibliography, https://dblp.org}
}